@INBOOK{delhaye,
   author = {{Delhaye}, J.},
    title = "{Solar Motion and Velocity Distribution of Common Stars}",
booktitle = {Giornale di Astronomia},
     year = 1965,
    month = jan,
   editor = {{Blaauw}, A. and {Schmidt}, M.},
publisher = {the University of Chicago Press},
    pages = {61},
   adsurl = {http://adsabs.harvard.edu/abs/1965gast.book...61D},
  adsnote = {Provided by the SAO/NASA Astrophysics Data System}
}

@article{ding,
author = {Ping-Jie Ding and Zi Zhu and Jia-Cheng Liu},
title = {Local standard of rest based on Gaia DR2 catalog},
journal = {Research in Astronomy and Astrophysics (RAA)},
volume = {19},
number = {5},
year = {2019},
keywords = {astrometry — Galaxy: fundamental parameters — stars: kinematics and dynamics},
issn = {2397-6209},	pages = {68},	doi = {10.1088/1674–4527/19/5/68},
url = {http://www.raa-journal.org/raa/index.php/raa/article/view/4276}
}

@ARTICLE{francis,
   author = {{Francis}, C. and {Anderson}, E.},
    title = "{The local standard of rest and the well in the velocity distribution}",
  journal = {Celestial Mechanics and Dynamical Astronomy},
archivePrefix = "arXiv",
   eprint = {1311.2069},
 keywords = {Stars: kinematics, Stars: statistics, Galaxy: kinematics and dynamics, Galaxy: solar neighbourhood},
     year = 2014,
    month = apr,
   volume = 118,
    pages = {399-413},
      doi = {10.1007/s10569-014-9541-z},
   adsurl = {http://adsabs.harvard.edu/abs/2014CeMDA.118..399F},
  adsnote = {Provided by the SAO/NASA Astrophysics Data System}
}

@ARTICLE{boby,
   author = {{Bobylev}, V.~V. and {Bajkova}, A.~T.},
    title = "{Kinematics of the Galaxy from OB Stars with Data from the Gaia DR2 Catalogue}",
  journal = {Astronomy Letters},
archivePrefix = "arXiv",
   eprint = {1809.10512},
 keywords = {OB stars, distance scale, Gaia DR2, Galactic kinematics},
     year = 2018,
    month = nov,
   volume = 44,
    pages = {676-687},
      doi = {10.1134/S1063773718110026},
   adsurl = {http://adsabs.harvard.edu/abs/2018AstL...44..676B},
  adsnote = {Provided by the SAO/NASA Astrophysics Data System}
}

@ARTICLE{schoenrich,
   author = {{Sch{\"o}nrich}, R. and {Binney}, J. and {Dehnen}, W.},
    title = "{Local kinematics and the local standard of rest}",
  journal = {\mnras},
archivePrefix = "arXiv",
   eprint = {0912.3693},
 keywords = {stars: kinematics, Galaxy: disc, Galaxy: fundamental parameters, Galaxy: kinematics and dynamics, solar neighbourhood},
     year = 2010,
    month = apr,
   volume = 403,
    pages = {1829-1833},
      doi = {10.1111/j.1365-2966.2010.16253.x},
   adsurl = {http://adsabs.harvard.edu/abs/2010MNRAS.403.1829S},
  adsnote = {Provided by the SAO/NASA Astrophysics Data System}
}

@BOOK{keel,
   author = {{Keel}, W.~C.},
    title = "{The Road to Galaxy Formation}",
 keywords = {Physics},
booktitle = {The Road to Galaxy Formation: , Springer Praxis Books.~ISBN 978-3-540-72534-3.~Praxis Publishing Ltd, Chichester, UK, 2007},
     year = 2007,
      doi = {10.1007/978-3-540-72535-0},
   adsurl = {http://adsabs.harvard.edu/abs/2007rgf..book.....K},
  adsnote = {Provided by the SAO/NASA Astrophysics Data System}
}

@BOOK{tayler,
   author = {{Tayler}, R.~J.},
    title = "{Galaxies}",
booktitle = {Galaxies, by Roger John Tayler, pp.~224.~ISBN 0521364310.~Cambridge, UK: Cambridge University Press, April 1993.},
     year = 1993,
    month = mar,
    pages = {224},
   adsurl = {http://adsabs.harvard.edu/abs/1993gala.book.....T},
  adsnote = {Provided by the SAO/NASA Astrophysics Data System}
}

@BOOK{shu,
   author = {{Shu}, F.~H.},
    title = "{The Physical Universe}",
booktitle = {Physics Notes},
     year = 1982,
publisher = {University Science Books},
   adsurl = {http://adsabs.harvard.edu/abs/1982phyn.book.....S},
  adsnote = {Provided by the SAO/NASA Astrophysics Data System}
}
